Treiber M, Kesting A. Traffic flow dynamics[J]. Traffic Flow Dynamics: Data, Models and Simulation, Springer-Verlag Berlin Heidelberg, 2013.
@article{1975th,
title={Traffic Flow Dynamics: Data, Models and Simulation},
author={Treiber M, Kesting A},
journal = {Models and Simulation},

}

